@BOOK{Rogers2017,
  title = {A First Course in Machine Learning},
  edition = {2nd},
  publisher = {CRC Press},
  year = {2017},
  author = {Simon Rogers and Mark Girolami},
  address = {Boca Raton}
}

@misc{juliaorg,
  title = {Julia programming language},
  howpublished = {{\footnotesize\url{https://julialang.org/}}},
}

@misc{sklearnLinReg,
  title = {Scikit Learn Documentation: Linear Regression},
  howpublished = {{\footnotesize\url{https://scikit-learn.org/stable/modules/generated/sklearn.linear_model.LinearRegression.html}}}
}

@ARTICLE{scikit-learn,
 title = {Scikit-learn: Machine Learning in {P}ython},
 author = {Pedregosa, F. and Varoquaux, G. and Gramfort, A. and Michel, V.
         and Thirion, B. and Grisel, O. and Blondel, M. and Prettenhofer, P.
         and Weiss, R. and Dubourg, V. and Vanderplas, J. and Passos, A. and
         Cournapeau, D. and Brucher, M. and Perrot, M. and Duchesnay, E.},
 journal = {Journal of Machine Learning Research},
 volume = {12},
 pages = {2825--2830},
 year = {2011}
}

@ARTICLE{Bezanson2017,
  author  = {Bezanson, J. and Edelman, A. and Karpinski, S. and Shah, V.},
  title   = {Julia: A Fresh Approach to Numerical Computing},
  journal = {SIAM Review},
  year    = {2017},
  volume  = {59},
  number  = {1},
  pages   = {65-98},
  doi     = {10.1137/141000671}
}

